@Misc{Regehr:AGtUBPt3,
  author = 	 {Jens Regehr},
  title = 	 {A Guide to Undefined Behavior in C and C++, Part 3},
  howpublished = {Web page},
  month = 	 {Nov},
  year = 	 1919,
  note = 	 {\url{https://blog.regehr.org/archives/232}}}



@Article{MeyersAlexandrescu:2004:DCL,
  author = 	 {Scott Meyers and Andrei Alexandrescu},
  title = 	 {C++ and the Perils of Double-Checked Locking},
  journal = 	 {Dr. Dobbs Journal},
  year = 	 2004,
  month = 	 {Jul/Aug},
  note = 	 {\url{https://www.aristeia.com/Papers/DDJ_Jul_Aug_2004_revised.pdf}}}

@Misc{WP:C10kProblem,
  author = 	 {Remi Nedeau at el.},
  title = 	 {C10k Problem},
  howpublished = {Wikipedia},
  note = 	 {\url{https://en.wikipedia.org/wiki/C10k_problem}}}


@Misc{Kegel:C10kProblem,
  author = 	 {Dan Kegel},
  title = 	 {The C10K problem},
  howpublished = {Web page},
  note = 	 {\url{http://www.kegel.com/c10k.html}}}


@Misc{WP:MemoryBarrier,
  author = 	 {Ross Bencina et. al},
  title = 	 {Memory Barrier},
  howpublished = {Wikipedia},
  month = 	 {Nov},
  year = 	 2019,
  note = 	 {\url{https://en.wikipedia.org/wiki/Memory_barrier}}}

@Misc{Preshing:2012:MemoryBarriers,
  author = 	 {Jeff Preshing},
  title = 	 {Memory Barriers Are Like Source Control Operations},
  month = 	 {Jul},
  year = 	 2012,
  note = 	 {\url{https://preshing.com/20120710/memory-barriers-are-like-source-control-operations/}}}

